@article{nakamoto2008bitcoin,
  title={Bitcoin: A peer-to-peer electronic cash system},
  author={Nakamoto, Satoshi},
  url={https://bitcoin.org/bitcoin.pdf}
  journal={Consulted},
  volume={1},
  number={2012},
  pages={28},
  year={2008}
}
@Misc{bitdns,
  author = {appamatto},
  title  = {BitDNS and Generalizing Bitcoin},
  url = {https://bitcointalk.org/index.php?topic=1790.0}
  year = {2010},
}
@Misc{bitdnsspec,
  title = {Domain Name Specification},
  url = {https://wiki.namecoin.info/index.php?title=Domain_Name_Specification},
  year = {2015}
}
@Misc{exchangerate,
  title = {BTC-E Namecoin/USD exchange rate},
  url = {https://web.archive.org/web/20150306034401/https://btc-e.com/exchange/nmc_usd},
  year = {2015}
}
@Misc{mastercoinspec,
  title = {Mastercoin Protocol Specification},
  url = {https://github.com/mastercoin-MSC/spec},
  year = {2015}
}
@misc{rosenfeld2012overview,
  title={Overview of colored coins},
  author={Rosenfeld, Meni},
  year={2012},
  publisher={Technical report},
  url={https://bitcoil.co.il/BitcoinX.pdf}
}
@misc{ethereumwhitepaper,
  title = {Ethereum White Paper},
  url = {https://github.com/ethereum/wiki/wiki/White-Paper},
  year = {2015}
}
@inproceedings{bonneau2014decentralizing,
  title={On Decentralizing Prediction Markets and Order Books},
  author={Bonneau, J and Clark, J and Felten, E and Kroll, J and Miller, A and Narayanan, A},
  booktitle={Workshop on the Economics of Information Security},
  url={http://weis2014.econinfosec.org/papers/Clark-WEIS2014.pdf},
  year={2014}
},
@incollection{clark2012commitcoin,
  title={Commitcoin: Carbon dating commitments with bitcoin},
  author={Clark, Jeremy and Essex, Aleksander},
  booktitle={Financial Cryptography and Data Security},
  pages={390--398},
  year={2012},
  publisher={Springer},
  doi={10.1007/978-3-642-32946-3_28}
}
@inproceedings{andrychowicz2014secure,
  title={Secure multiparty computations on bitcoin},
  author={Andrychowicz, Marcin and Dziembowski, Stefan and Malinowski, Daniel and Mazurek, Lukasz},
  booktitle={Security and Privacy (SP), 2014 IEEE Symposium on},
  pages={443--458},
  year={2014},
  organization={IEEE},
  doi={10.1109/SP.2014.35}
}
@incollection{bentov2014use,
  title={How to use bitcoin to design fair protocols},
  author={Bentov, Iddo and Kumaresan, Ranjit},
  booktitle={Advances in Cryptology--CRYPTO 2014},
  pages={421--439},
  year={2014},
  publisher={Springer},
  doi={10.1007/978-3-662-44381-1_24}
}
@inproceedings{kumaresan2014use,
  title={How to Use Bitcoin to Incentivize Correct Computations},
  author={Kumaresan, Ranjit and Bentov, Iddo},
  booktitle={Proceedings of the 2014 ACM SIGSAC Conference on Computer and Communications Security},
  pages={30--41},
  year={2014},
  organization={ACM},
  doi={10.1145/2660267.2660380}
}
@online{buterindao,
  title={DAOs, DACs, DAs and More: An Incomplete Terminology Guide},
  author={Buterin, Vitalik},
  url={https://blog.ethereum.org/2014/05/06/daos-dacs-das-and-more-an-incomplete-terminology-guide/},
  year={2014}
}
@misc{bitsharesdns,
  title={.p2p (BitShares DNS)},
  url={http://wiki.bitshares.org/index.php/.p2p_\%28BitShares_DNS\%29},
  year={2015}
}

@article{walker2000icann,
  title={ICANN's Uniform Domain Name Dispute Resolution Policy},
  author={Walker, Luke A},
  journal={Berk. Tech. LJ},
  volume={15},
  pages={289},
  year={2000},
  publisher={HeinOnline}
}
@article{silber1984marketmaker,
  title={Marketmaker behavior in an auction market: an analysis of scalpers in futures markets},
  author={Silber, William L},
  journal={The Journal of Finance},
  volume={39},
  number={4},
  pages={937--953},
  year={1984},
  publisher={Wiley Online Library}
}

